@book{devopshandbook,
  author    = {Kim, Gene},
  isbn      = {9781942788003},
  publisher = {It Revolution Press},
  title     = {The DevOPS Handbook - How to Create World-Class Agility, Reliability, and Security in Technology Organizations},
  year      = 2016
}
